<record><leader>00000cas a22000007a 4500</leader><controlfield tag="001">1570133</controlfield><controlfield tag="008">750824d18951905mnuwr ne      0    0eng d</controlfield><datafield ind1=" " ind2=" " tag="010"><subfield code="a">sn 89064100 </subfield></datafield><datafield ind1=" " ind2=" " tag="040"><subfield code="a">MUL</subfield><subfield code="b">eng</subfield><subfield code="c">MUL</subfield><subfield code="d">NPX</subfield><subfield code="d">OCL</subfield><subfield code="d">MN#</subfield><subfield code="d">OCLCQ</subfield><subfield code="d">OCLCF</subfield><subfield code="d">OCLCO</subfield></datafield><datafield ind1="1" ind2=" " tag="029"><subfield code="a">AU@</subfield><subfield code="b">000025854124</subfield></datafield><datafield ind1=" " ind2=" " tag="042"><subfield code="a">msc</subfield></datafield><datafield ind1=" " ind2=" " tag="043"><subfield code="a">n-us-mn</subfield></datafield><datafield ind1=" " ind2=" " tag="052"><subfield code="a">4144</subfield><subfield code="b">A4</subfield></datafield><datafield ind1=" " ind2=" " tag="052"><subfield code="a">4143</subfield><subfield code="b">F7</subfield></datafield><datafield ind1="0" ind2="0" tag="245"><subfield code="a">Freeborn County times.</subfield></datafield><datafield ind1=" " ind2=" " tag="260"><subfield code="a">Albert Lea, Minn. :</subfield><subfield code="b">[s.n.],</subfield><subfield code="c">1895-</subfield></datafield><datafield ind1=" " ind2=" " tag="300"><subfield code="a">11 v.</subfield></datafield><datafield ind1=" " ind2=" " tag="310"><subfield code="a">Weekly</subfield></datafield><datafield ind1="0" ind2=" " tag="362"><subfield code="a">1st year, no. 1 (Nov. 15, 1895)-v. 11, no. 8 (Dec. 22, 1905).</subfield></datafield><datafield ind1=" " ind2=" " tag="530"><subfield code="a">Available on microfilm from the Minnesota Historical Society.</subfield></datafield><datafield ind1=" " ind2="0" tag="651"><subfield code="a">Albert Lea (Minn.)</subfield><subfield code="v">Newspapers.</subfield></datafield><datafield ind1=" " ind2="7" tag="655"><subfield code="a">Newspapers.</subfield><subfield code="2">fast</subfield><subfield code="0">(OCoLC)fst01423814</subfield></datafield><datafield ind1=" " ind2="7" tag="651"><subfield code="a">Minnesota</subfield><subfield code="z">Albert Lea.</subfield><subfield code="2">fast</subfield><subfield code="0">(OCoLC)fst01212828</subfield></datafield><datafield ind1=" " ind2=" " tag="752"><subfield code="a">United States</subfield><subfield code="b">Minnesota</subfield><subfield code="c">Freeborn</subfield><subfield code="d">Albert Lea.</subfield></datafield><datafield ind1="0" ind2="7" tag="785"><subfield code="t">Albert Lea enterprise</subfield><subfield code="w">(DLC)sn 85025421</subfield><subfield code="w">(OCoLC)1479013</subfield></datafield><datafield ind1="0" ind2="7" tag="785"><subfield code="t">Freeborn County times-enterprise</subfield><subfield code="w">(DLC)sn 89064101</subfield></datafield></record>